%% This BibTeX bibliography file was created using BibDesk.
%% https://bibdesk.sourceforge.io/

%% Created for Federico DEL RAZO at 2023-08-31 22:31:39 -0600 


%% Saved with string encoding Unicode (UTF-8) 



@book{knuth97,
	author = {Knuth Donald E.},
	date-added = {2023-08-31 22:30:37 -0600},
	date-modified = {2023-08-31 22:31:25 -0600},
	publisher = {Addison Wesley},
	title = {The Art of Computer Programming,  Vol. 1: Fundamental Algorithms},
	year = {1997}}
