%% This BibTeX bibliography file was created using BibDesk.
%% https://bibdesk.sourceforge.io/

%% Created for Federico DEL RAZO at 2023-05-22 11:42:24 -0600 


%% Saved with string encoding Unicode (UTF-8) 

%% Antecedentes

@online{leotronics,
  author = {LeoTronics Robotics},
  title = {Inteligencia artificial y redes neuronales artificiales},
  year = {2022},
  url = {https://leotronics.eu/es/nuestro-blog/inteligencia-artificial-y-redes-neuronales-artificiales}
}

@misc{matich2018redes,
  author = {Matich, M.},
  title = {Redes Neuronales: Conceptos Básicos y Aplicaciones},
  howpublished = {\url{https://www.frro.utn.edu.ar/repositorio/catedras/quimica/5_anio/orientadora1/monograias/matich-redesneuronales.pdf}},
  year = {2018},
  organization = {UTN FRRo}
}

%% Planteamiento del problema

@misc{agudoestudio,
  author = {Agudo, J.},
  title = {Estudio del reconocimiento de señales de audio mediante redes neuronales: Memoria y Anexos},
  year = {2019},
  howpublished = {UPCommons},
  url = {https://upcommons.upc.edu/bitstream/handle/2117/374810/MemoriayAnexos_TFE_JordiAgudo.pdf?sequence=2}
}

@misc{atriaredes,
  author = {ATRIA Innovation},
  title = {Qué son las redes neuronales y sus funciones},
  year = {2019},
  howpublished = {Atria Innovation},
  url = {https://www.atriainnovation.com/que-son-las-redes-neuronales-y-sus-funciones/}
}

@article{garciamendoza,
  author = {García-Mendoza, R. A. and Sánchez-Gutiérrez, C.},
  title = {Redes neuronales dinámicas aplicadas a la recomendación musical optimizada},
  journal = {Poli},
  volume = {14},
  number = {47},
  pages = {123-131},
  year = {2019},
  url = {https://www.scielo.org.mx/pdf/poli/n47/n47a11.pdf}
}

@mastersthesis{gomezarmenta,
  author = {Gómez-Armenta, J. R.},
  title = {Clasificación de ladridos de perros domésticos usando aprendizaje profundo},
  school = {CICESE},
  year = {2019},
  url = {https://cicese.repositorioinstitucional.mx/jspui/bitstream/1007/3025/1/Tesis_Gomez_Armenta_Jos%C3%A9%20Ramon_15_nov_2019.pdf}
}

@misc{openwebinars,
  author = {OpenWebinars},
  title = {Qué son las redes neuronales y sus aplicaciones},
  year = {2023},
  howpublished = {OpenWebinars},
  url = {https://openwebinars.net/blog/que-son-las-redes-neuronales-y-sus-aplicaciones/}
}

@misc{seorl2014audiologia,
  author = {Seorl},
  title = {Audiología},
  year = {2014},
  howpublished = {SEORL},
  url = {https://seorl.net/PDF/ponencias%20oficiales/2014%20Audiolog%C3%ADa.pdf}
}

%%%%%%%%%%%%%%%%% Fundamento teorico
@article{garciamurillo,
  author = {García Murillo, D. G.},
  title = {Redes Neuronales Artificiales},
  journal = {Academia.edu},
  year = {s.f.},
  url = {https://www.academia.edu/11400964/Redes_Neuronales_Artificiales}
}

@article{frro,
  author = {Matich, M.},
  title = {Redes Neuronales: Conceptos Básicos y Aplicaciones},
  journal = {UTN FRRo},
  year = {s.f.},
  url = {https://www.frro.utn.edu.ar/repositorio/catedras/quimica/5_anio/orientadora1/monograias/matich-redesneuronales.pdf}
}

@article{scribd,
  author = {s.f.},
  title = {Redes Neuronales Estado Del Arte},
  journal = {Scribd},
  year = {s.f.},
  url = {https://es.scribd.com/document/394708787/redes-neuronales-estado-del-arte}
}

@article{gtocoma,
  author = {s.f.},
  title = {CONCEPTOS BÁSICOS},
  journal = {Grupo US},
  year = {s.f.},
  url = {https://grupo.us.es/gtocoma/pid/pid10/RedesNeuronales.htm}
}

@article{cevallos,
  author = {Cevallos, J.},
  title = {Redes Neuronales Artificiales aplicadas a la mejora de la calidad},
  journal = {ResearchGate},
  year = {2008},
  url = {https://www.researchgate.net/publication/282566401_Redes_Neuronales_Artificiales_aplicadas_a_la_mejora_de_la_calidad}
}

@article{ehu,
  author = {s.f.},
  title = {REDES NEURONALES ARTIFICIALES Y SUS APLICACIONES},
  journal = {EHU},
  year = {s.f.},
  url = {https://ocw.ehu.eus/pluginfile.php/40137/mod_resource/content/1/redes_neuro/contenidos/pdf/libro-del-curso.pdf}
}

%% Hipotesis

@misc{garciamurillo,
  author = {García Murillo, D. G.},
  title = {Redes Neuronales Artificiales},
  year = {s.f.},
  howpublished = {Academia.edu},
  url = {https://www.academia.edu/11400964/Redes_Neuronales_Artificiales}
}


@misc{ehu,
  author = {EHU},
  title = {REDES NEURONALES ARTIFICIALES Y SUS APLICACIONES},
  year = {s.f.},
  howpublished = {EHU},
  url = {https://ocw.ehu.eus/pluginfile.php/40137/mod_resource/content/1/redes_neuro/contenidos/pdf/libro-del-curso.pdf}
}

@misc{leotronics,
  author = {LeoTronics Robotics},
  title = {Inteligencia artificial y redes neuronales artificiales},
  year = {2022},
  howpublished = {LeoTronics Robotics},
  url = {https://leotronics.eu/es/nuestro-blog/inteligencia-artificial-y-redes-neuronales-artificiales}
}

%% Justificación
@misc{frro,
  author = {{Frro.utn.edu.ar}},
  title = {Redes Neuronales: Conceptos Básicos y Aplicaciones},
  year = {s.f.},
  howpublished = {Frro.utn.edu.ar},
  url = {https://www.frro.utn.edu.ar/repositorio/catedras/quimica/5_anio/orientadora1/monograias/matich-redesneuronales.pdf}
}

@misc{tesisipn,
  author = {Tesis IPN},
  title = {RECONOCIMIENTO DE VOZ PARA UN CONTROL DE ACCESO MEDIANTE RED NEURONAL DE RETROPROPAGACIÓN - Tesis IPN},
  year = {s.f.},
  howpublished = {IPN},
  url = {https://tesis.ipn.mx/jspui/bitstream/123456789/7548/1/ice%20263.pdf}
}
%% Diseño de la Investigación
@misc{ues,
  author = {Universidad de El Salvador},
  title = {INVESTIGACION APLICADA AL AREA DE INTELIGENCIA ARTIFICIAL Y DESARROLLO DE UN SISTEMA EXPERTO},
  year = {s.f.},
  howpublished = {Repositorio Institucional de la Universidad de El Salvador},
  url = {https://ri.ues.edu.sv/id/eprint/13463/1/Investigaci%C3%B3n%20aplicada%20al%20%C3%A1rea%20de%20inteligencia%20artificial%20y%20desaarrollo%20de%20un%20sistema%20experto.pdf}
}

@phdthesis{martinez,
  author = {Martínez, J.},
  title = {Redes Neuronales Artificiales aplicadas al Análisis de Datos},
  year = {2003},
  howpublished = {Tesisenred.net},
  url = {https://www.tesisenred.net/bitstream/handle/10803/9441/tjjmm1de1.pdf?sequence=1}
}

@misc{osorio,
  author = {Osorio Villada, A.},
  title = {Problemáticas educativas, docentes investigadores y política pública educativa de Bogotá Titulo},
  year = {2018},
  howpublished = {CORE},
  url = {https://core.ac.uk/download/pdf/83821327.pdf}
}

@misc{frro2,
  author = {{UTN FRRo}},
  title = {Redes Neuronales: Conceptos Básicos y Aplicaciones},
  year = {s.f.},
  howpublished = {UTN FRRo},
  url = {https://www.frro.utn.edu.ar/repositorio/catedras/quimica/5_anio/orientadora1/monograias/matich-redesneuronales.pdf}
}

@misc{apple,
  author = {Apple},
  title = {Reconocimiento de sonidos | Ecosistema Apple},
  year = {2021},
  howpublished = {YouTube},
  url = {https://youtube.com/watch?v=zx7LWQQc6_M}
}






